% Encoding: UTF-8

@Online{wikipedia,
  title  = {Steganography},
  url    = {https://en.wikipedia.org/wiki/Steganography},
}

@Online{imageinimage,
  author = {Kelvin Salton do Prado},
  title  = {Steganography: Hiding an image inside another},
  url    = {https://towardsdatascience.com/steganography-hiding-an-image-inside-another-77ca66b2acb1},
}

@Comment{jabref-meta: databaseType:bibtex;}
